
@article{mohammadi2017overview,
  title={An overview of voice conversion systems},
  author={Mohammadi, Seyed Hamidreza and Kain, Alexander},
  journal={Speech Communication},
  volume={88},
  pages={65--82},
  year={2017},
  publisher={Elsevier}
}

@inproceedings{zhao2018accent,
  title={Accent Conversion Using Phonetic Posteriorgrams},
  author={Zhao, Guanlong and Sonsaat, Sinem and Levis, John and Chukharev-Hudilainen, Evgeny and Gutierrez-Osuna, Ricardo},
  booktitle={2018 IEEE International Conference on Acoustics, Speech and Signal Processing (ICASSP)},
  pages={5314--5318},
  year={2018},
  organization={IEEE}
}

@inproceedings{wang2012emotional,
  title={Emotional voice conversion for mandarin using tone nucleus model--small corpus and high efficiency},
  author={Wang, Miaomiao and Wen, Miaomiao and Hirose, Keikichi and Minematsu, Nobuaki},
  booktitle={Speech Prosody 2012},
  year={2012}
}

@inproceedings{li2012emotional,
  title={Emotional speech conversion based on spectrum-prosody dual transformation},
  author={Li, Bingjie and Xiao, Zhongzhe and Shen, Yan and Zhou, Qiang and Tao, Zhi},
  booktitle={Signal Processing (ICSP), 2012 IEEE 11th International Conference on},
  volume={1},
  pages={531--535},
  year={2012},
  organization={IEEE}
}

@inproceedings{wang2014multi,
  title={Multi-level prosody and spectrum conversion for emotional speech synthesis},
  author={Wang, Zexun and Yu, Yibiao},
  booktitle={Signal Processing (ICSP), 2014 12th International Conference on},
  pages={588--593},
  year={2014},
  organization={IEEE}
}

@article{xue2018voice,
  title={Voice conversion for emotional speech: Rule-based synthesis with degree of emotion controllable in dimensional space},
  author={Xue, Yawen and Hamada, Yasuhiro and Akagi, Masato},
  journal={Speech Communication},
  volume={102},
  pages={54--67},
  year={2018},
  publisher={Elsevier}
}

@article{kawahara1999restructuring,
  title={Restructuring speech representations using a pitch-adaptive time--frequency smoothing and an instantaneous-frequency-based F0 extraction: Possible role of a repetitive structure in sounds1},
  author={Kawahara, Hideki and Masuda-Katsuse, Ikuyo and De Cheveigne, Alain},
  journal={Speech communication},
  volume={27},
  number={3-4},
  pages={187--207},
  year={1999},
  publisher={Elsevier}
}

@article{fujisaki1984analysis,
  title={Analysis of voice fundamental frequency contours for declarative sentences of Japanese},
  author={Fujisaki, Hiroya and Hirose, Keikichi},
  journal={Journal of the Acoustical Society of Japan (E)},
  volume={5},
  number={4},
  pages={233--242},
  year={1984},
  publisher={Acoustical Society of Japan}
}

@inproceedings{xue2016study,
  title={A study on applying target prediction model to parameterize power envelope of emotional speech},
  author={Xue, Yawen and Akagi, Masato},
  booktitle={2016 RISP International Workshop on Nonlinear Circuits, Communications and Signal Processing (NCSP'16)},
  year={2016},
  organization={信号処理学会}
}

@inproceedings{gatys2016image,
  title={Image style transfer using convolutional neural networks},
  author={Gatys, Leon A and Ecker, Alexander S and Bethge, Matthias},
  booktitle={2016 IEEE Conference on Computer Vision and Pattern Recognition (CVPR)},
  pages={2414--2423},
  year={2016},
  organization={IEEE}
}

@inproceedings{kawanami2003gmm,
  title={GMM-based voice conversion applied to emotional speech synthesis},
  author={Kawanami, Hiromichi and Iwami, Yohei and Toda, Tomoki and Saruwatari, Hiroshi and Shikano, Kiyohiro},
  booktitle={Eighth European Conference on Speech Communication and Technology},
  year={2003}
}

@inproceedings{dauphin2017language,
  title={Language Modeling with Gated Convolutional Networks},
  author={Dauphin, Yann N and Fan, Angela and Auli, Michael and Grangier, David},
  booktitle={International Conference on Machine Learning},
  pages={933--941},
  year={2017}
}

@inproceedings{zhu2017unpaired,
  title={Unpaired Image-to-Image Translation Using Cycle-Consistent Adversarial Networks},
  author={Zhu, Jun-Yan and Park, Taesung and Isola, Phillip and Efros, Alexei A},
  booktitle={Computer Vision (ICCV), 2017 IEEE International Conference on},
  pages={2242--2251},
  year={2017},
  organization={IEEE}
}

@article{huang2018multimodal,
  title={Multimodal Unsupervised Image-to-Image Translation},
  author={Huang, Xun and Liu, Ming-Yu and Belongie, Serge and Kautz, Jan},
  journal={arXiv preprint arXiv:1804.04732},
  year={2018}
}

@inproceedings{goodfellow2014generative,
  title={Generative adversarial nets},
  author={Goodfellow, Ian and Pouget-Abadie, Jean and Mirza, Mehdi and Xu, Bing and Warde-Farley, David and Ozair, Sherjil and Courville, Aaron and Bengio, Yoshua},
  booktitle={Advances in neural information processing systems},
  pages={2672--2680},
  year={2014}
}

@article{busso2008iemocap,
  title={IEMOCAP: Interactive emotional dyadic motion capture database},
  author={Busso, Carlos and Bulut, Murtaza and Lee, Chi-Chun and Kazemzadeh, Abe and Mower, Emily and Kim, Samuel and Chang, Jeannette N and Lee, Sungbok and Narayanan, Shrikanth S},
  journal={Language resources and evaluation},
  volume={42},
  number={4},
  pages={335},
  year={2008},
  publisher={Springer}
}

@article{hsu2017voice,
  title={Voice conversion from unaligned corpora using variational autoencoding wasserstein generative adversarial networks},
  author={Hsu, Chin-Cheng and Hwang, Hsin-Te and Wu, Yi-Chiao and Tsao, Yu and Wang, Hsin-Min},
  journal={arXiv preprint arXiv:1704.00849},
  year={2017}
}

@article{fang2018high,
  title={High-quality nonparallel voice conversion based on cycle-consistent adversarial network},
  author={Fang, Fuming and Yamagishi, Junichi and Echizen, Isao and Lorenzo-Trueba, Jaime},
  journal={arXiv preprint arXiv:1804.00425},
  year={2018}
}

@article{kaneko2017parallel,
  title={Parallel-data-free voice conversion using cycle-consistent adversarial networks},
  author={Kaneko, Takuhiro and Kameoka, Hirokazu},
  journal={arXiv preprint arXiv:1711.11293},
  year={2017}
}

@inproceedings{hsu2016voice,
  title={Voice conversion from non-parallel corpora using variational auto-encoder},
  author={Hsu, Chin-Cheng and Hwang, Hsin-Te and Wu, Yi-Chiao and Tsao, Yu and Wang, Hsin-Min},
  booktitle={Signal and Information Processing Association Annual Summit and Conference (APSIPA), 2016 Asia-Pacific},
  pages={1--6},
  year={2016},
  organization={IEEE}
}

@inproceedings{van2016wavenet,
  title={WaveNet: A generative model for raw audio.},
  author={Van Den Oord, A{\"a}ron and Dieleman, Sander and Zen, Heiga and Simonyan, Karen and Vinyals, Oriol and Graves, Alex and Kalchbrenner, Nal and Senior, Andrew W and Kavukcuoglu, Koray},
  booktitle={SSW},
  pages={125},
  year={2016}
}

@inproceedings{tamamori2017speaker,
  title={Speaker-dependent WaveNet vocoder},
  author={Tamamori, Akira and Hayashi, Tomoki and Kobayashi, Kazuhiro and Takeda, Kazuya and Toda, Tomoki},
  booktitle={Proc. Interspeech},
  volume={2017},
  pages={1118--1122},
  year={2017}
}

@article{kameoka2018stargan,
  title={StarGAN-VC: Non-parallel many-to-many voice conversion with star generative adversarial networks},
  author={Kameoka, Hirokazu and Kaneko, Takuhiro and Tanaka, Kou and Hojo, Nobukatsu},
  journal={arXiv preprint arXiv:1806.02169},
  year={2018}
}

@article{huang2008three,
  title={A three-layered model for expressive speech perception},
  author={Huang, Chun-Fang and Akagi, Masato},
  journal={Speech Communication},
  volume={50},
  number={10},
  pages={810--828},
  year={2008},
  publisher={Elsevier}
}

@article{morise2016world,
  title={WORLD: a vocoder-based high-quality speech synthesis system for real-time applications},
  author={Morise, Masanori and Yokomori, Fumiya and Ozawa, Kenji},
  journal={IEICE TRANSACTIONS on Information and Systems},
  volume={99},
  number={7},
  pages={1877--1884},
  year={2016},
  publisher={The Institute of Electronics, Information and Communication Engineers}
}

@inproceedings{arjovsky2017wasserstein,
  title={Wasserstein generative adversarial networks},
  author={Arjovsky, Martin and Chintala, Soumith and Bottou, L{\'e}on},
  booktitle={International Conference on Machine Learning},
  pages={214--223},
  year={2017}
}

@inproceedings{mirsamadi2017automatic,
  title={Automatic speech emotion recognition using recurrent neural networks with local attention},
  author={Mirsamadi, Seyedmahdad and Barsoum, Emad and Zhang, Cha},
  booktitle={Acoustics, Speech and Signal Processing (ICASSP), 2017 IEEE International Conference on},
  pages={2227--2231},
  year={2017},
  organization={IEEE}
}
